[gd_scene load_steps=10 format=2]

[ext_resource path="res://assets/zombie/zombie1_hold.png" type="Texture" id=1]
[ext_resource path="res://assets/zombie/zombie1_stand.png" type="Texture" id=2]
[ext_resource path="res://src/helper/Ray.gd" type="Script" id=3]
[ext_resource path="res://Health.tscn" type="PackedScene" id=4]
[ext_resource path="res://src/Zombie.gd" type="Script" id=5]

[sub_resource type="CircleShape2D" id=1]
radius = 24.0

[sub_resource type="SpriteFrames" id=2]
animations = [ {
"frames": [ ExtResource( 2 ), ExtResource( 1 ) ],
"loop": true,
"name": "default",
"speed": 5.0
} ]

[sub_resource type="CircleShape2D" id=3]
radius = 800.0

[sub_resource type="CircleShape2D" id=4]
radius = 25.0

[node name="Zombie" type="KinematicBody2D" groups=[
"zombie",
]]
z_index = 20
collision_layer = 2147483652
collision_mask = 15
script = ExtResource( 5 )

[node name="CollisionShape2D" type="CollisionShape2D" parent="."]
shape = SubResource( 1 )

[node name="AnimatedSprite" type="AnimatedSprite" parent="."]
frames = SubResource( 2 )

[node name="CheckRange" type="Area2D" parent="."]
visible = false

[node name="CollisionShape2D" type="CollisionShape2D" parent="CheckRange"]
shape = SubResource( 3 )

[node name="AttackRange" type="Area2D" parent="."]

[node name="CollisionShape2D" type="CollisionShape2D" parent="AttackRange"]
shape = SubResource( 4 )

[node name="Health" parent="." instance=ExtResource( 4 )]

[node name="AttackTimer" type="Timer" parent="."]

[node name="Ray" type="Node2D" parent="."]
script = ExtResource( 3 )

[connection signal="body_entered" from="CheckRange" to="." method="_on_CheckRange_body_entered"]
[connection signal="body_exited" from="CheckRange" to="." method="_on_CheckRange_body_exited"]
[connection signal="body_entered" from="AttackRange" to="." method="_on_AttackRange_body_entered"]
[connection signal="body_exited" from="AttackRange" to="." method="_on_AttackRange_body_exited"]
[connection signal="taking_damage" from="Health" to="." method="_on_Health_taking_damage"]
[connection signal="timeout" from="AttackTimer" to="." method="_on_AttackTimer_timeout"]
